@article{LIGOScientific:2016aoc,
    author = "Abbott, B. P. and others",
    collaboration = "LIGO Scientific, Virgo",
    title = "{Observation of Gravitational Waves from a Binary Black Hole Merger}",
    eprint = "1602.03837",
    archivePrefix = "arXiv",
    primaryClass = "gr-qc",
    reportNumber = "LIGO-P150914",
    doi = "10.1103/PhysRevLett.116.061102",
    journal = "Phys. Rev. Lett.",
    volume = "116",
    number = "6",
    pages = "061102",
    year = "2016"
}

@article{LIGOScientific:2017vwq,
    author = "Abbott, B. P. and others",
    collaboration = "LIGO Scientific, Virgo",
    title = "{GW170817: Observation of Gravitational Waves from a Binary Neutron Star Inspiral}",
    eprint = "1710.05832",
    archivePrefix = "arXiv",
    primaryClass = "gr-qc",
    reportNumber = "LIGO-P170817",
    doi = "10.1103/PhysRevLett.119.161101",
    journal = "Phys. Rev. Lett.",
    volume = "119",
    number = "16",
    pages = "161101",
    year = "2017"
}

@article{LIGOScientific:2021djp,
    author = "Abbott, R. and others",
    collaboration = "LIGO Scientific, VIRGO, KAGRA",
    title = "{GWTC-3: Compact Binary Coalescences Observed by LIGO and Virgo During the Second Part of the Third Observing Run}",
    eprint = "2111.03606",
    archivePrefix = "arXiv",
    primaryClass = "gr-qc",
    reportNumber = "LIGO-P2000318",
    journal = "",
    month = "11",
    year = "2021"
}

@article{KAGRA:2013rdx,
    author = "Abbott, B. P. and others",
    collaboration = "KAGRA, LIGO Scientific, Virgo, VIRGO",
    title = "{Prospects for observing and localizing gravitational-wave transients with Advanced LIGO, Advanced Virgo and KAGRA}",
    eprint = "1304.0670",
    archivePrefix = "arXiv",
    primaryClass = "gr-qc",
    reportNumber = "LIGO-P1200087, VIR-0288A-12, JGW-P1808427",
    doi = "10.1007/s41114-020-00026-9",
    journal = "Living Rev. Rel.",
    volume = "21",
    number = "1",
    pages = "3",
    year = "2018"
}

@article{Gabbard:2019rde,
    author = "Gabbard, Hunter and Messenger, Chris and Heng, Ik Siong and Tonolini, Francesco and Murray-Smith, Roderick",
    title = "{Bayesian parameter estimation using conditional variational autoencoders for gravitational-wave astronomy}",
    eprint = "1909.06296",
    archivePrefix = "arXiv",
    primaryClass = "astro-ph.IM",
    doi = "10.1038/s41567-021-01425-7",
    journal = "Nature Phys.",
    volume = "18",
    number = "1",
    pages = "112--117",
    year = "2022"
}

@article{Ashton:2021anp,
    author = "Ashton, Gregory and Talbot, Colm",
    title = "{B\,ilby-MCMC: an MCMC sampler for gravitational-wave inference}",
    eprint = "2106.08730",
    archivePrefix = "arXiv",
    primaryClass = "gr-qc",
    doi = "10.1093/mnras/stab2236",
    journal = "Mon. Not. Roy. Astron. Soc.",
    volume = "507",
    number = "2",
    pages = "2037--2051",
    year = "2021"
}

@article{Wofford:2022ykb,
    author = "Wofford, J. and others",
    title = "{Expanding RIFT: Improving performance for GW parameter inference}",
    eprint = "2210.07912",
    archivePrefix = "arXiv",
    primaryClass = "gr-qc",
    reportNumber = "LIGO DCC P2200059",
    journal = "",
    month = "10",
    year = "2022"
}

@article{Ashton:2018jfp,
    author = "Ashton, Gregory and others",
    title = "{BILBY: A user-friendly Bayesian inference library for gravitational-wave astronomy}",
    eprint = "1811.02042",
    archivePrefix = "arXiv",
    primaryClass = "astro-ph.IM",
    doi = "10.3847/1538-4365/ab06fc",
    journal = "Astrophys. J. Suppl.",
    volume = "241",
    number = "2",
    pages = "27",
    year = "2019"
}

@article{Lange:2018pyp,
    author = "Lange, Jacob and O'Shaughnessy, Richard and Rizzo, Monica",
    title = "{Rapid and accurate parameter inference for coalescing, precessing compact binaries}",
    eprint = "1805.10457",
    archivePrefix = "arXiv",
    primaryClass = "gr-qc",
    reportNumber = "LIGO DCC P1800084, LIGO-DCC-P1800084",
    journal = "",
    month = "5",
    year = "2018"
}

@misc{LVPublicAlerts,
    title = "{LIGO/Virgo Public Alerts User Guide}", 
    howpublished = {\url{https://emfollow.docs.ligo.org/userguide/}},
}

@article{Chatterjee:2019avs,
    author = "Chatterjee, Deep and Ghosh, Shaon and Brady, Patrick R. and Kapadia, Shasvath J. and Miller, Andrew L. and Nissanke, Samaya and Pannarale, Francesco",
    title = "{A Machine Learning Based Source Property Inference for Compact Binary Mergers}",
    eprint = "1911.00116",
    archivePrefix = "arXiv",
    primaryClass = "astro-ph.IM",
    doi = "10.3847/1538-4357/ab8dbe",
    journal = "Astrophys. J.",
    volume = "896",
    number = "1",
    pages = "54",
    year = "2020"
}

@article{Sachdev:2020lfd,
    author = "Sachdev, Surabhi and others",
    title = "{An Early-warning System for Electromagnetic Follow-up of Gravitational-wave Events}",
    eprint = "2008.04288",
    archivePrefix = "arXiv",
    primaryClass = "astro-ph.HE",
    doi = "10.3847/2041-8213/abc753",
    journal = "Astrophys. J. Lett.",
    volume = "905",
    number = "2",
    pages = "L25",
    year = "2020"
}

@article{Hunter:2007ouj,
    author = "Hunter, John D.",
    title = "{Matplotlib: A 2D Graphics Environment}",
    doi = "10.1109/MCSE.2007.55",
    journal = "Comput. Sci. Eng.",
    volume = "9",
    number = "3",
    pages = "90--95",
    year = "2007"
}
