@article{LIGOScientific:2016aoc,
    author = "Abbott, B. P. and others",
    collaboration = "LIGO Scientific, Virgo",
    title = "{Observation of Gravitational Waves from a Binary Black Hole Merger}",
    eprint = "1602.03837",
    archivePrefix = "arXiv",
    primaryClass = "gr-qc",
    reportNumber = "LIGO-P150914",
    doi = "10.1103/PhysRevLett.116.061102",
    journal = "Phys. Rev. Lett.",
    volume = "116",
    number = "6",
    pages = "061102",
    year = "2016"
}

@article{LIGOScientific:2017vwq,
    author = "Abbott, B. P. and others",
    collaboration = "LIGO Scientific, Virgo",
    title = "{GW170817: Observation of Gravitational Waves from a Binary Neutron Star Inspiral}",
    eprint = "1710.05832",
    archivePrefix = "arXiv",
    primaryClass = "gr-qc",
    reportNumber = "LIGO-P170817",
    doi = "10.1103/PhysRevLett.119.161101",
    journal = "Phys. Rev. Lett.",
    volume = "119",
    number = "16",
    pages = "161101",
    year = "2017"
}

@article{LIGOScientific:2021djp,
    author = "Abbott, R. and others",
    collaboration = "LIGO Scientific, VIRGO, KAGRA",
    title = "{GWTC-3: Compact Binary Coalescences Observed by LIGO and Virgo During the Second Part of the Third Observing Run}",
    eprint = "2111.03606",
    archivePrefix = "arXiv",
    primaryClass = "gr-qc",
    reportNumber = "LIGO-P2000318",
    month = "11",
    year = "2021"
}

@article{Chatterjee:2019avs,
    author = "Chatterjee, Deep and Ghosh, Shaon and Brady, Patrick R. and Kapadia, Shasvath J. and Miller, Andrew L. and Nissanke, Samaya and Pannarale, Francesco",
    title = "{A Machine Learning Based Source Property Inference for Compact Binary Mergers}",
    eprint = "1911.00116",
    archivePrefix = "arXiv",
    primaryClass = "astro-ph.IM",
    doi = "10.3847/1538-4357/ab8dbe",
    journal = "Astrophys. J.",
    volume = "896",
    number = "1",
    pages = "54",
    year = "2020"
}

@article{Sachdev:2020lfd,
    author = "Sachdev, Surabhi and others",
    title = "{An Early-warning System for Electromagnetic Follow-up of Gravitational-wave Events}",
    eprint = "2008.04288",
    archivePrefix = "arXiv",
    primaryClass = "astro-ph.HE",
    doi = "10.3847/2041-8213/abc753",
    journal = "Astrophys. J. Lett.",
    volume = "905",
    number = "2",
    pages = "L25",
    year = "2020"
}

@article{Hunter:2007ouj,
    author = "Hunter, John D.",
    title = "{Matplotlib: A 2D Graphics Environment}",
    doi = "10.1109/MCSE.2007.55",
    journal = "Comput. Sci. Eng.",
    volume = "9",
    number = "3",
    pages = "90--95",
    year = "2007"
}

@article{LIGOScientific:2017ync,
    author = "Abbott, B. P. and others",
    collaboration = "LIGO Scientific, Virgo, Fermi GBM, INTEGRAL, IceCube, AstroSat Cadmium Zinc Telluride Imager Team, IPN, Insight-Hxmt, ANTARES, Swift, AGILE Team, 1M2H Team, Dark Energy Camera GW-EM, DES, DLT40, GRAWITA, Fermi-LAT, ATCA, ASKAP, Las Cumbres Observatory Group, OzGrav, DWF (Deeper Wider Faster Program), AST3, CAASTRO, VINROUGE, MASTER, J-GEM, GROWTH, JAGWAR, CaltechNRAO, TTU-NRAO, NuSTAR, Pan-STARRS, MAXI Team, TZAC Consortium, KU, Nordic Optical Telescope, ePESSTO, GROND, Texas Tech University, SALT Group, TOROS, BOOTES, MWA, CALET, IKI-GW Follow-up, H.E.S.S., LOFAR, LWA, HAWC, Pierre Auger, ALMA, Euro VLBI Team, Pi of Sky, Chandra Team at McGill University, DFN, ATLAS Telescopes, High Time Resolution Universe Survey, RIMAS, RATIR, SKA South Africa/MeerKAT",
    title = "{Multi-messenger Observations of a Binary Neutron Star Merger}",
    eprint = "1710.05833",
    archivePrefix = "arXiv",
    primaryClass = "astro-ph.HE",
    reportNumber = "LIGO-P1700294, VIR-0802A-17, FERMILAB-PUB-17-478-A-AE-CD",
    doi = "10.3847/2041-8213/aa91c9",
    journal = "Astrophys. J. Lett.",
    volume = "848",
    number = "2",
    pages = "L12",
    year = "2017"
}
